<record><leader>00000cas a2200000 a 4500</leader><controlfield tag="001">31195216</controlfield><controlfield tag="007">hd afu---baca</controlfield><controlfield tag="008">940929d19461965nbudn nea     0    0eng d</controlfield><datafield ind1=" " ind2=" " tag="010"><subfield code="a">sn 94056308 </subfield></datafield><datafield ind1=" " ind2=" " tag="040"><subfield code="a">NVG</subfield><subfield code="b">eng</subfield><subfield code="c">NVG</subfield><subfield code="d">OCL</subfield><subfield code="d">OCLCQ</subfield></datafield><datafield ind1=" " ind2=" " tag="042"><subfield code="a">msc</subfield></datafield><datafield ind1=" " ind2=" " tag="043"><subfield code="a">n-us-nb</subfield></datafield><datafield ind1="0" ind2="4" tag="245"><subfield code="a">The Fairbury daily news.</subfield></datafield><datafield ind1="1" ind2="3" tag="246"><subfield code="a">Fairbury daily news and the Fairbury news &amp; the Fairbury gazette</subfield></datafield><datafield ind1=" " ind2=" " tag="260"><subfield code="a">Fairbury, Neb. :</subfield><subfield code="b">Fairbury Daily News,</subfield><subfield code="c">1946-1965.</subfield></datafield><datafield ind1=" " ind2=" " tag="300"><subfield code="a">volumes</subfield></datafield><datafield ind1=" " ind2=" " tag="310"><subfield code="a">Daily (except Sat. &amp; Sun.)</subfield></datafield><datafield ind1=" " ind2=" " tag="321"><subfield code="a">Daily (except Sun.),</subfield><subfield code="b">Jan. 2, 1959-Feb. 27, 1959</subfield></datafield><datafield ind1=" " ind2=" " tag="336"><subfield code="a">text</subfield><subfield code="b">txt</subfield><subfield code="2">rdacontent</subfield></datafield><datafield ind1=" " ind2=" " tag="337"><subfield code="a">microform</subfield><subfield code="b">h</subfield><subfield code="2">rdamedia</subfield></datafield><datafield ind1=" " ind2=" " tag="338"><subfield code="a">microfilm reel</subfield><subfield code="b">hd</subfield><subfield code="2">rdacarrier</subfield></datafield><datafield ind1="0" ind2=" " tag="362"><subfield code="a">Vol. 76, no. 23 (Apr. 1, 1946)-95th year, no. 250 (Aug. 27, 1965).</subfield></datafield><datafield ind1=" " ind2=" " tag="515"><subfield code="a">Vol. 77, no. 1-v. 77, no. 101 not published.</subfield></datafield><datafield ind1=" " ind2=" " tag="515"><subfield code="a">93rd year, no. 1-93rd year, no. 31 not published.</subfield></datafield><datafield ind1=" " ind2=" " tag="515"><subfield code="a">Issue for Jan. 4, 1965 called 95th year, no. 87 but constitutes 95th year, no. 82.</subfield></datafield><datafield ind1=" " ind2=" " tag="580"><subfield code="a">Absorbed: Western wave, and: Plymouth news (Plymouth, Neb.).</subfield></datafield><datafield ind1=" " ind2=" " tag="580"><subfield code="a">Merged with: Fairbury journal (Fairbury, Neb.), to form: Fairbury journal-news.</subfield></datafield><datafield ind1=" " ind2=" " tag="533"><subfield code="a">Microfilm.</subfield><subfield code="b">Cleveland, Ohio :</subfield><subfield code="c">Micro Photo.</subfield><subfield code="e">6 microfilm reels ; 35 mm.</subfield></datafield><datafield ind1=" " ind2=" " tag="752"><subfield code="a">United States</subfield><subfield code="b">Nebraska</subfield><subfield code="c">Jefferson</subfield><subfield code="d">Fairbury.</subfield></datafield><datafield ind1="0" ind2="0" tag="780"><subfield code="t">Fairbury news and the Fairbury gazette</subfield><subfield code="w">(DLC)sn 94056306</subfield></datafield><datafield ind1="1" ind2="5" tag="780"><subfield code="t">Western wave</subfield><subfield code="w">(DLC)sn 94056312</subfield></datafield><datafield ind1="1" ind2="5" tag="780"><subfield code="t">Plymouth news (Plymouth, Neb.)</subfield><subfield code="w">(DLC)sn 94056311</subfield></datafield><datafield ind1="1" ind2="7" tag="785"><subfield code="t">Fairbury journal (Fairbury, Neb.)</subfield><subfield code="w">(DLC)sn 94056305</subfield></datafield><datafield ind1="1" ind2="7" tag="785"><subfield code="t">Fairbury journal-news</subfield><subfield code="w">(DLC)sn 94056378</subfield></datafield><datafield ind1="1" ind2=" " tag="029"><subfield code="a">AU@</subfield><subfield code="b">000011305685</subfield></datafield></record>